=============================
=                           =
=                           =
=       Sovereign Debt      =
=                           =
=============================

    @article{Na-18,
        Author = {Na, Seunghoon and Schmitt-Grohé, Stephanie and Uribe, Martín and Yue, Vivian},
        Title = {The Twin Ds: Optimal Default and Devaluation},
        Journal = {American Economic Review},
        Volume = {108},
        Number = {7},
        Year = {2018},
        Month = {July},
        Pages = {1773-1819},
        DOI = {10.1257/aer.20141558},
        URL = {https://www.aeaweb.org/articles?id=10.1257/aer.20141558}
    }

    @article{Eaton-Gersovitz-81,
        ISSN = {00346527, 1467937X},
        URL = {http://www.jstor.org/stable/2296886},
        author = {Jonathan Eaton and Mark Gersovitz},
        journal = {The Review of Economic Studies},
        number = {2},
        pages = {289--309},
        publisher = {[Oxford University Press, Review of Economic Studies, Ltd.]},
        title = {Debt with Potential Repudiation: Theoretical and Empirical Analysis},
        urldate = {2023-05-06},
        volume = {48},
        year = {1981}
    }
    @Article{Reinhart02,
        author={Carmen M. Reinhart},
        title={{Default, Currency Crises, and Sovereign Credit Ratings}},
        journal={The World Bank Economic Review},
        year=2002,
        volume={16},
        number={2},
        pages={151-170},
        month={August},
        keywords={},
        doi={},
        url={https://ideas.repec.org/a/oup/wbecrv/v16y2002i2p151-170.html}
    }

    @inbook{Hinrichsen_2020-chapter4,
        author = {Hinrichsen, Simon},
        year = {2020},
        title = {Enforcement of Sovereign Debt Under War Reparations},
        booktitle = {Essays on War Reparations and Sovereign Debt},
        address = {City},
        chapter = {4},
        pages = {81-126},
        type = {PhD thesis},
        school = {London School of Economics},
        address = {London, UK}
    }

    @ARTICLE{Schmitt-Uribe-16,
        title = {Downward Nominal Wage Rigidity, Currency Pegs, and Involuntary Unemployment},
        author = {{Schmitt-Grohe}, Stephanie and Uribe, Martín},
        year = {2016},
        journal = {Journal of Political Economy},
        volume = {124},
        number = {5},
        pages = {1466 - 1514},
        url = {https://EconPapers.repec.org/RePEc:ucp:jpolec:doi:10.1086/688175}
    }
