






eprint = { 
    
        https://doi.org/10.1080/23792949.2019.1689828
    
    

}

}


